@book{Aho:72,
    author  = {Alfred V. Aho and Jeffrey D. Ullman},
    title   = {The Theory of Parsing, Translation and Compiling},
    year    = "1972",
    volume  = "1",
    publisher = {Prentice-Hall},
    address = {Englewood Cliffs, NJ}
}


@book{APA:83,
    author  = {{American Psychological Association}},
    title   = {Publications Manual},
    year    = "1983",
   publisher = {American Psychological Association},
   address = {Washington, DC}
}

@incollection{ACM:83,
	author = {Association for Computing Machinery},
	year = "1983",
	booktitle = {Computing Reviews},
	volume = "24",
	number = "11",
	pages = "503--512"
}

@article{Chandra:81,
	author = {Ashok K. Chandra and Dexter C. Kozen and Larry J. Stockmeyer},
	year = "1981",
	title = {Alternation},
	journal = {Journal of the Association for Computing Machinery},
	volume = "28",
	number = "1",
	pages = "114--133"
}


@book{Gusfield:97,
    author  = {Dan Gusfield},
    title   = {Algorithms on Strings, Trees and Sequences},
    year    = "1997",
    publisher = {Cambridge University Press},
    address = {Cambridge, UK}
}

@inproceedings{Raghunathan:2010:MSC:1870658.1870706,
 author = {Raghunathan, Karthik and Lee, Heeyoung and Rangarajan, Sudarshan and Chambers, Nathanael and Surdeanu, Mihai and Jurafsky, Dan and Manning, Christopher},
 title = {A Multi-pass Sieve for Coreference Resolution},
 booktitle = {Proceedings of the 2010 Conference on Empirical Methods in Natural Language Processing},
 series = {EMNLP '10},
 year = {2010},
 location = {Cambridge, Massachusetts},
 pages = {492--501},
 numpages = {10},
 url = {http://dl.acm.org/citation.cfm?id=1870658.1870706},
 acmid = {1870706},
 publisher = {Association for Computational Linguistics},
 address = {Stroudsburg, PA, USA},
} 
